[gd_scene load_steps=4 format=2]

[ext_resource path="res://images/background.jpg" type="Texture" id=1]
[ext_resource path="res://style/main_theme.tres" type="Theme" id=2]
[ext_resource path="res://scripts/scenes/Adventure.gd" type="Script" id=3]

[node name="Adventure" type="Control"]
anchor_right = 1.0
anchor_bottom = 1.0
script = ExtResource( 3 )
__meta__ = {
"_edit_use_anchors_": false
}

[node name="TextureRect" type="TextureRect" parent="."]
anchor_right = 1.0
anchor_bottom = 1.0
texture = ExtResource( 1 )
expand = true

[node name="EventTitle" type="Label" parent="."]
anchor_left = 0.5
anchor_right = 0.5
margin_left = -89.5
margin_top = 96.0
margin_right = 89.5
margin_bottom = 138.0
theme = ExtResource( 2 )
text = "Event Title"
align = 1
valign = 1
__meta__ = {
"_edit_use_anchors_": false
}

[node name="EventText" type="RichTextLabel" parent="."]
anchor_left = 0.5
anchor_top = 0.5
anchor_right = 0.5
anchor_bottom = 0.5
margin_left = -486.0
margin_top = -139.719
margin_right = 1131.0
margin_bottom = 254.281
rect_scale = Vector2( 0.6, 0.6 )
theme = ExtResource( 2 )
text = "Event Text- \"Lorem ipsum dolor sit amet, consectetur adipiscing elit, sed do eiusmod tempor incididunt ut labore et dolore magna aliqua. Ut enim ad minim veniam, quis nostrud exercitation ullamco laboris nisi ut aliquip ex ea commodo consequat. Duis aute irure dolor in reprehenderit in voluptate velit esse cillum dolore eu fugiat nulla pariatur. Excepteur sint occaecat cupidatat non proident, sunt in culpa qui officia deserunt mollit anim id est laborum."

[node name="ButtonsContainer" type="GridContainer" parent="."]
anchor_left = 0.5
anchor_top = 1.0
anchor_right = 0.5
anchor_bottom = 1.0
margin_left = -640.0
margin_top = -290.0
margin_right = 640.0
margin_bottom = -10.0
rect_min_size = Vector2( 0, 280 )
columns = 2
__meta__ = {
"_edit_use_anchors_": false
}

[node name="MarginContainer1" type="MarginContainer" parent="ButtonsContainer"]
margin_right = 638.0
margin_bottom = 138.0
size_flags_horizontal = 3
size_flags_vertical = 3
custom_constants/margin_right = 80
custom_constants/margin_top = 20
custom_constants/margin_left = 80
custom_constants/margin_bottom = 20

[node name="Button1" type="Button" parent="ButtonsContainer/MarginContainer1"]
margin_left = 80.0
margin_top = 20.0
margin_right = 558.0
margin_bottom = 118.0
theme = ExtResource( 2 )
text = "Opcion 1"

[node name="MarginContainer2" type="MarginContainer" parent="ButtonsContainer"]
margin_left = 642.0
margin_right = 1280.0
margin_bottom = 138.0
size_flags_horizontal = 3
size_flags_vertical = 3
custom_constants/margin_right = 80
custom_constants/margin_top = 20
custom_constants/margin_left = 80
custom_constants/margin_bottom = 20

[node name="Button2" type="Button" parent="ButtonsContainer/MarginContainer2"]
margin_left = 80.0
margin_top = 20.0
margin_right = 558.0
margin_bottom = 118.0
theme = ExtResource( 2 )
text = "Opcion 2"

[node name="MarginContainer3" type="MarginContainer" parent="ButtonsContainer"]
margin_top = 142.0
margin_right = 638.0
margin_bottom = 280.0
size_flags_horizontal = 3
size_flags_vertical = 3
custom_constants/margin_right = 80
custom_constants/margin_top = 20
custom_constants/margin_left = 80
custom_constants/margin_bottom = 20

[node name="Button3" type="Button" parent="ButtonsContainer/MarginContainer3"]
margin_left = 80.0
margin_top = 20.0
margin_right = 558.0
margin_bottom = 118.0
theme = ExtResource( 2 )
text = "Opcion 3"

[node name="MarginContainer4" type="MarginContainer" parent="ButtonsContainer"]
margin_left = 642.0
margin_top = 142.0
margin_right = 1280.0
margin_bottom = 280.0
size_flags_horizontal = 3
size_flags_vertical = 3
custom_constants/margin_right = 80
custom_constants/margin_top = 20
custom_constants/margin_left = 80
custom_constants/margin_bottom = 20

[node name="Button4" type="Button" parent="ButtonsContainer/MarginContainer4"]
margin_left = 80.0
margin_top = 20.0
margin_right = 558.0
margin_bottom = 118.0
theme = ExtResource( 2 )
text = "Opcion 4"
[connection signal="button_up" from="ButtonsContainer/MarginContainer1/Button1" to="." method="_on_Button1_button_up"]
[connection signal="button_up" from="ButtonsContainer/MarginContainer2/Button2" to="." method="_on_Button2_button_up"]
[connection signal="button_up" from="ButtonsContainer/MarginContainer3/Button3" to="." method="_on_Button3_button_up"]
[connection signal="button_up" from="ButtonsContainer/MarginContainer4/Button4" to="." method="_on_Button4_button_up"]
